<?xml version="1.0" encoding="UTF-8"?><collection xmlns="http://www.loc.gov/MARC21/slim"><record><leader>00495nam--2200181-i-4500</leader><controlfield tag="001">000025160</controlfield><controlfield tag="002">20161230</controlfield><controlfield tag="005">20161230201035</controlfield><controlfield tag="008">060222s1000------------r-----000-0-fre-d</controlfield><datafield ind1=" " ind2=" " tag="040"><subfield code="a">IFIN-HH</subfield></datafield><datafield ind1=" " ind2=" " tag="041"><subfield code="a">fre</subfield></datafield><datafield ind1=" " ind2=" " tag="080"><subfield code="a">539.125.4:539.172.12(043)</subfield></datafield><datafield ind1="1" ind2=" " tag="100"><subfield code="a">Bichsel-baldi, Rita</subfield></datafield><datafield ind1="1" ind2="0" tag="245"><subfield code="a">Analyse de la reaction pp (1236) alo gev/c</subfield><subfield code="b">These</subfield><subfield code="c">Rita bichsel-baldi</subfield></datafield><datafield ind1=" " ind2=" " tag="260"><subfield code="a">Zurich</subfield><subfield code="b">Juris Druk + Verlag</subfield><subfield code="c">1978</subfield></datafield><datafield ind1=" " ind2=" " tag="300"><subfield code="a">67P</subfield></datafield><datafield ind1=" " ind2=" " tag="852"><subfield code="a">47311</subfield><subfield code="c">539.12</subfield></datafield><datafield ind1=" " ind2=" " tag="CAT"><subfield code="a">Sys</subfield><subfield code="c">20111206</subfield><subfield code="h">163944</subfield></datafield></record></collection>